@Manual{R-base,
  title = {R: A Language and Environment for Statistical Computing},
  author = {{R Core Team}},
  organization = {R Foundation for Statistical Computing},
  address = {Vienna, Austria},
  year = {2022},
  url = {https://www.R-project.org/},
}

@Manual{R-bookdown,
  title = {bookdown: Authoring Books and Technical Documents with R Markdown},
  author = {Yihui Xie},
  year = {2022},
  note = {R package version 0.26},
  url = {https://CRAN.R-project.org/package=bookdown},
}

@Manual{R-coda,
  title = {coda: Output Analysis and Diagnostics for MCMC},
  author = {Martyn Plummer and Nicky Best and Kate Cowles and Karen Vines and Deepayan Sarkar and Douglas Bates and Russell Almond and Arni Magnusson},
  year = {2020},
  note = {R package version 0.19-4},
  url = {https://CRAN.R-project.org/package=coda},
}

@Manual{R-epiR,
  title = {epiR: Tools for the Analysis of Epidemiological Data},
  author = {Mark Stevenson and Telmo Nunes and Cord Heuer and Jonathon Marshall and Javier Sanchez and Ron Thornton and Jeno Reiczigel and Jim Robison-Cox and Paola Sebastiani and Peter Solymos},
  year = {2022},
  note = {R package version 2.0.46},
  url = {https://CRAN.R-project.org/package=epiR},
}

@Manual{R-kableExtra,
  title = {kableExtra: Construct Complex Table with kable and Pipe Syntax},
  author = {Hao Zhu},
  year = {2021},
  note = {R package version 1.3.4},
  url = {https://CRAN.R-project.org/package=kableExtra},
}

@Manual{R-knitr,
  title = {knitr: A General-Purpose Package for Dynamic Report Generation in R},
  author = {Yihui Xie},
  year = {2022},
  note = {R package version 1.38},
  url = {https://yihui.org/knitr/},
}

@Manual{R-mcmcplots,
  title = {mcmcplots: Create Plots from MCMC Output},
  author = {S. McKay Curtis},
  year = {2018},
  note = {R package version 0.4.3},
  url = {https://CRAN.R-project.org/package=mcmcplots},
}

@Manual{R-R2jags,
  title = {R2jags: Using R to Run JAGS},
  author = {Yu-Sung Su and Masanao Yajima,},
  year = {2021},
  note = {R package version 0.7-1},
  url = {https://CRAN.R-project.org/package=R2jags},
}

@Manual{R-rjags,
  title = {rjags: Bayesian Graphical Models using MCMC},
  author = {Martyn Plummer},
  year = {2022},
  note = {R package version 4-13},
  url = {https://mcmc-jags.sourceforge.io},
}

@Manual{R-rmarkdown,
  title = {rmarkdown: Dynamic Documents for R},
  author = {JJ Allaire and Yihui Xie and Jonathan McPherson and Javier Luraschi and Kevin Ushey and Aron Atkins and Hadley Wickham and Joe Cheng and Winston Chang and Richard Iannone},
  year = {2022},
  note = {R package version 2.13},
  url = {https://CRAN.R-project.org/package=rmarkdown},
}

@Manual{R-survival,
  title = {survival: Survival Analysis},
  author = {Terry M Therneau},
  year = {2022},
  note = {R package version 3.3-1},
  url = {https://github.com/therneau/survival},
}

@Book{bookdown2016,
  title = {bookdown: Authoring Books and Technical Documents with {R} Markdown},
  author = {Yihui Xie},
  publisher = {Chapman and Hall/CRC},
  address = {Boca Raton, Florida},
  year = {2016},
  note = {ISBN 978-1138700109},
  url = {https://bookdown.org/yihui/bookdown},
}

@Article{coda2006,
  title = {CODA: Convergence Diagnosis and Output Analysis for MCMC},
  author = {Martyn Plummer and Nicky Best and Kate Cowles and Karen Vines},
  journal = {R News},
  year = {2006},
  volume = {6},
  number = {1},
  pages = {7--11},
  url = {https://journal.r-project.org/archive/},
  pdf = {https://www.r-project.org/doc/Rnews/Rnews_2006-1.pdf},
}

@Book{knitr2015,
  title = {Dynamic Documents with {R} and knitr},
  author = {Yihui Xie},
  publisher = {Chapman and Hall/CRC},
  address = {Boca Raton, Florida},
  year = {2015},
  edition = {2nd},
  note = {ISBN 978-1498716963},
  url = {https://yihui.org/knitr/},
}

@InCollection{knitr2014,
  booktitle = {Implementing Reproducible Computational Research},
  editor = {Victoria Stodden and Friedrich Leisch and Roger D. Peng},
  title = {knitr: A Comprehensive Tool for Reproducible Research in {R}},
  author = {Yihui Xie},
  publisher = {Chapman and Hall/CRC},
  year = {2014},
  note = {ISBN 978-1466561595},
  url = {http://www.crcpress.com/product/isbn/9781466561595},
}

@Book{rmarkdown2018,
  title = {R Markdown: The Definitive Guide},
  author = {Yihui Xie and J.J. Allaire and Garrett Grolemund},
  publisher = {Chapman and Hall/CRC},
  address = {Boca Raton, Florida},
  year = {2018},
  note = {ISBN 9781138359338},
  url = {https://bookdown.org/yihui/rmarkdown},
}

@Book{rmarkdown2020,
  title = {R Markdown Cookbook},
  author = {Yihui Xie and Christophe Dervieux and Emily Riederer},
  publisher = {Chapman and Hall/CRC},
  address = {Boca Raton, Florida},
  year = {2020},
  note = {ISBN 9780367563837},
  url = {https://bookdown.org/yihui/rmarkdown-cookbook},
}

@Book{survival-book,
  title = {Modeling Survival Data: Extending the {C}ox Model},
  author = {{Terry M. Therneau} and {Patricia M. Grambsch}},
  year = {2000},
  publisher = {Springer},
  address = {New York},
  isbn = {0-387-98784-3},
}

